@book{steinComplexAnalysis,
  author    = {Elias M. Stein and Rami Shakarchi},
  title     = {Complex Analysis},
  publisher = {Princeton University Press},
  year      = {2003},
  address   = {Princeton, NJ},
}